@misc{rust,
  howpublished = "\url{http://www.rust-lang.org/}"
}
